
@misc{microsoft2025-activedirectory,
  author       = {{Microsoft}},
  title        = {ActiveDirectory Module (PowerShell)},
  howpublished = {\url{https://learn.microsoft.com/en-us/powershell/module/activedirectory/?view=windowsserver2025-ps}},
  year         = {2025},
  note         = {Accessed: 2025-08-21}
}

@misc{microsoft2025-pscore,
  author       = {{Microsoft}},
  title        = {Microsoft.PowerShell.Core Module (PowerShell)},
  howpublished = {\url{https://learn.microsoft.com/de-de/powershell/module/microsoft.powershell.core/?view=powershell-7.5}},
  year         = {2025},
  note         = {Accessed: 2025-08-21}
}

@misc{microsoft2025-psmanagement,
  author       = {{Microsoft}},
  title        = {Microsoft.PowerShell.Management Module (PowerShell)},
  howpublished = {\url{https://learn.microsoft.com/de-de/powershell/module/microsoft.powershell.management/?view=powershell-7.5}},
  year         = {2025},
  note         = {Accessed: 2025-08-21}
}

@misc{microsoft2025-nettcpip,
  author       = {{Microsoft}},
  title        = {NetTCPIP Module (PowerShell)},
  howpublished = {\url{https://learn.microsoft.com/en-us/powershell/module/nettcpip/?view=windowsserver2025-ps}},
  year         = {2025},
  note         = {Accessed: 2025-08-21}
}

@misc{microsoft2025-custominputbox,
  author       = {{Microsoft}},
  title        = {Creating a Custom Input Box (PowerShell Sample)},
  howpublished = {\url{https://learn.microsoft.com/en-us/powershell/scripting/samples/creating-a-custom-input-box?view=powershell-7.5}},
  year         = {2025},
  note         = {Accessed: 2025-08-21}
}

@misc{microsoft2025-grouppolicy,
  author       = {{Microsoft}},
  title        = {GroupPolicy Module (PowerShell)},
  howpublished = {\url{https://learn.microsoft.com/en-us/powershell/module/grouppolicy/?view=windowsserver2025-ps}},
  year         = {2025},
  note         = {Accessed: 2025-08-21}
}

@misc{microsoft2025-storage,
  author       = {{Microsoft}},
  title        = {Storage Module (PowerShell)},
  howpublished = {\url{https://learn.microsoft.com/en-us/powershell/module/storage/?view=windowsserver2025-ps}},
  year         = {2025},
  note         = {Accessed: 2025-08-21}
}

@misc{microsoft2025-hyperv,
  author       = {{Microsoft}},
  title        = {Hyper-V Module (PowerShell)},
  howpublished = {\url{https://learn.microsoft.com/en-us/powershell/module/hyper-v/?view=windowsserver2025-ps}},
  year         = {2025},
  note         = {Accessed: 2025-08-21}
}

@misc{microsoft2025-pssecurity,
  author       = {{Microsoft}},
  title        = {Microsoft.PowerShell.Security Module (PowerShell)},
  howpublished = {\url{https://learn.microsoft.com/de-de/powershell/module/microsoft.powershell.security/?view=powershell-7.5}},
  year         = {2025},
  note         = {Accessed: 2025-08-21}
}

@misc{microsoft2025-remotedesktop,
  author       = {{Microsoft}},
  title        = {RemoteDesktop Module (PowerShell)},
  howpublished = {\url{https://learn.microsoft.com/en-us/powershell/module/remotedesktop/?view=windowsserver2025-ps}},
  year         = {2025},
  note         = {Accessed: 2025-08-21}
}

@misc{microsoft2025-servermanager,
  author       = {{Microsoft}},
  title        = {ServerManager Module (PowerShell)},
  howpublished = {\url{https://learn.microsoft.com/en-us/powershell/module/servermanager/?view=windowsserver2025-ps}},
  year         = {2025},
  note         = {Accessed: 2025-08-21}
}

@misc{microsoft2025-dnsserver,
  author       = {{Microsoft}},
  title        = {DnsServer Module (PowerShell)},
  howpublished = {\url{https://learn.microsoft.com/en-us/powershell/module/dnsserver/?view=windowsserver2025-ps}},
  year         = {2025},
  note         = {Accessed: 2025-08-21}
}

@misc{microsoft2025-dnsclient,
  author       = {{Microsoft}},
  title        = {DnsClient Module (PowerShell)},
  howpublished = {\url{https://learn.microsoft.com/en-us/powershell/module/dnsclient/?view=windowsserver2025-ps}},
  year         = {2025},
  note         = {Accessed: 2025-08-21}
}

@misc{microsoft2025-netadapter,
  author       = {{Microsoft}},
  title        = {NetAdapter Module (PowerShell)},
  howpublished = {\url{https://learn.microsoft.com/en-us/powershell/module/netadapter/?view=windowsserver2025-ps}},
  year         = {2025},
  note         = {Accessed: 2025-08-21}
}

@misc{microsoft2025-psutility,
  author       = {{Microsoft}},
  title        = {Microsoft.PowerShell.Utility Module (PowerShell)},
  howpublished = {\url{https://learn.microsoft.com/en-us/powershell/module/microsoft.powershell.utility/?view=powershell-7.5}},
  year         = {2025},
  note         = {Accessed: 2025-08-21}
}
@misc{microsoft2021-sysprep-generalize,
  author       = {{Microsoft}},
  title        = {Sysprep (Generalize) a Windows Installation},
  howpublished = {\url{https://learn.microsoft.com/en-us/windows-hardware/manufacture/desktop/sysprep--generalize--a-windows-installation?view=windows-11}},
  year         = {2021},
  note         = {Accessed: 2025-08-21}
}

@misc{microsoft2021-sysprep-overview,
  author       = {{Microsoft}},
  title        = {Sysprep (System Preparation) Overview},
  howpublished = {\url{https://learn.microsoft.com/en-us/windows-hardware/manufacture/desktop/sysprep--system-preparation--overview?view=windows-11}},
  year         = {2021},
  note         = {Accessed: 2025-08-21}
}
@phdthesis{garren2025utilizing,
  title={Utilizing Memory Analysis of Windows 10 Systems to Identify Malicious Attacks via PowerShell},
  author={Garren, L Edward},
  year={2025},
  school={Capitol Technology University}
}
@misc{microsoft2025-powershell-direct,
  author       = {{Microsoft}},
  title        = {Verwalten virtueller Windows-Computer mit PowerShell Direct},
  howpublished = {\url{https://learn.microsoft.com/de-de/windows-server/virtualization/hyper-v/powershell-direct}},
  year         = {2025},
  note         = {Accessed: 2025-08-21}
}

@article{fayyad2013benchmarking,
  title={Benchmarking the performance of Microsoft Hyper-V server, VMware ESXi and Xen hypervisors},
  author={Fayyad-Kazan, Hasan and Perneel, Luc and Timmerman, Martin},
  journal={Journal of Emerging Trends in Computing and Information Sciences},
  volume={4},
  number={12},
  pages={922--933},
  year={2013}
}
@article{haga2011windows,
  title={Windows server 2008 r2 hyper-v server virtualization},
  author={Haga, Yutaka and Imaeda, Kazuhide and Jibu, Masayuki},
  journal={Fujitsu Sci. Tech. J},
  volume={47},
  number={3},
  pages={349--355},
  year={2011}
}
@article{aldhamenwindows,
  title={Windows Server Management},
  author={Aldhamen, Meshal Fawaz}
}
